@inproceedings{nicolas:hal-01655438,
  TITLE = {{MUTE: A Peer-to-Peer Web-based Real-time Collaborative Editor}},
  AUTHOR = {Nicolas, Matthieu and Elvinger, Victorien and Oster, G{\'e}rald and Ignat, Claudia-Lavinia and Charoy, Fran{\c c}ois},
  URL = {https://hal.inria.fr/hal-01655438},
  ADDRESS = {Sheffield, United Kingdom},
  PUBLISHER = {{EUSSET}},
  SERIES = {Proceedings of 15th European Conference on Computer-Supported Cooperative Work - Panels, Posters and Demos},
  PAGES = {1-4},
  YEAR = {2017},
  MONTH = Aug,
  DOI = {10.18420/ecscw2017\_p5},
  PDF = {https://hal.inria.fr/hal-01655438/file/Nicolasetal2017.pdf},
  HAL_ID = {hal-01655438},
  HAL_VERSION = {v1},
}
